

@misc{ wiki:111,
    author = "{Wikipedia contributors}",
    title = "Tetris --- {Wikipedia}{,} The Free Encyclopedia",
    year = "2020",
    howpublished = "\url{https://en.wikipedia.org/w/index.php?title=Tetris&oldid=960894720}",
    note = "[Online; accessed 23-June-2020]"
  }

@misc{ verilator,
    author = "{Wilson Snyder}",
    title = "Verilator --- {Veripool}",
    year = "2020",
    howpublished = "\url{https://www.veripool.org/wiki/verilator}",
    note = "[Online; accessed 23-June-2020]"
  }

@misc{ tetris,
    title = "Tetris --- {Internet}{ Archive}",
    year = "2020",
    howpublished = "\url{https://archive.org/details/arcade_atetris}",
    note = "[Online; accessed 23-June-2020]"
  }



  
  
@misc{ opengl,
    title = "OpenGL",
    year = "2020",
    howpublished = "\url{https://www.opengl.org/}",
    note = "[Online; accessed 23-June-2020]"
  }
  
@misc{ vpi,
    title = "Verilog Procedural Interface ---{Wikipedia}{,} The Free Encyclopedia"
    year = "2020",
    howpublished = "\url{https://en.wikipedia.org/wiki/Verilog_Procedural_Interface}",
    note = "[Online; accessed 23-June-2020]"
  }

  @misc{ sdl_obsolete,
    title = "SDL History ---{Wikipedia}{,} The Free Encyclopedia"
    year = "2020",
    howpublished = "\url{https://en.wikipedia.org/wiki/Simple_DirectMedia_Layer#History}",
    note = "[Online; accessed 23-June-2020]"
  }

  @misc{ intscale,
    title = "Integer Scaling"
    year = "2020",
    howpublished = "\url{https://software.intel.com/content/www/us/en/develop/articles/integer-scaling-support-on-intel-graphics.html}",
    note = "[Online; accessed 23-June-2020]"
  }

  @misc{ freesync,
    title = "AMD Freesync"
    year = "2020",
    howpublished = "\url{https://www.amd.com/en/technologies/free-sync}",
    note = "[Online; accessed 23-June-2020]"
  }

  @misc{ gsync,
    title = "NVIDIA Gsync ---{Wikipedia}{,} The Free Encyclopedia"
    year = "2020",
    howpublished = "\url{https://en.wikipedia.org/wiki/Nvidia_G-Sync}",
    note = "[Online; accessed 23-June-2020]"
  }

  @misc{ vgastandard,
    title = "VGA Standards ---{Wikipedia}{,} The Free Encyclopedia"
    year = "2020",
    howpublished = "\url{https://en.wikipedia.org/wiki/Video_Graphics_Array#Specifications}",
    note = "[Online; accessed 23-June-2020]"
  }